@online{bib1,
    author        = {Orr, Taaj Weraphorn },
    title         = {The Effect of Peer Relationships and Cyberbullying Victimization on Young Adults' Propensity to Cyberbully},
    year          = {2022},
    url           = {https:pdxscholar.library.pdx.edu/cgi/viewcontent.cgi?article=7063&context=open_access_etds}
}

@online{bib2,
    author        = {Dadvar, Maral and Trieschnigg, Dolf and Ordelman, Roeland and de Jong, Franciska},
    title         = {Improving Cyberbullying Detection with User Context},
    year          = {2013},
    url           = {https:link.springer.com/chapter/10.1007/978-3-642-36973-5_62}
}

@online{bib3,
    author        = {Zhang, Xiang and LeCun, Yann},
    title         = {Text Understanding from Scratch},
    year          = {2015},
    url           = {https:arxiv.org/abs/1502.01710}
}

@online{bib4,
    author        = {Sathya Devi, M. and Dr.Indira, B. and Vinayak, Mothe Siddhi and Vinay, Bhimana Sai },
    title         = {A Multimodal Approach to Cyberbullying Detection: Integrating Text and Video in Social Media},
    year          = {2024},
    url           = {http:ijesi.org/papers/Vol(13)i7/13078087.pdf}
}

@online{bib5,
    author        = {MacAvaney, Sean and Yao, Hao-Ren and Yang, Eugene and Russell, Katina and Goharian, Nazli and Frieder, Ophir},
    title         = {Hate speech detection: Challenges and solutions},
    year          = {2019},
    url           = {https:journals.plos.org/plosone/article?id=10.1371/journal.pone.0221152}
}

@online{bib6,
    author        = {Kovács, György and Alonso, Pedro and Saini, Rajkumar},
    title         = {Challenges of Hate Speech Detection in Social Media},
    year          = {2021},
    url           = {https:link.springer.com/article/10.1007/s42979-021-00457-3}
}

@online{bib7,
    author        = "Kamanthi P., Isabella",
    title         = {Effect of Cyberbullying on Adolescents Mental Health:
Implication for Education},
    year          = {2024},
    url           = {http://bit.ly/3BaNf1q}
}

@online{bib8,
    author        = {Nakov, P. and Nayak, V. and Dent, K. and Bhatawdekar, A. and Sarwar, S. M. and Hardalov, M. and Dinkov, Y. and Zlatkova, D. and Bouchard, G. and Augenstein, I.},
    title         = {Detecting Abusive Language on Online Platforms: A Critical Analysis},
    year          = {2021},
    url           = {https:www.researchgate.net/publication/349704073_Detecting_Abusive_Language_on_Online_Platforms_A_Critical_Analysis}
}

@online{bib9,
    author        = {Fati, Suliman Mohamed and Muneer, Amgad  and Alwadain, Ayed and Balogun, Abdullateef O.},
    title         = {Cyberbullying Detection on Twitter Using Deep Learning-Based Attention Mechanisms and Continuous Bag of Words Feature Extraction},
    year          = {2023},
    url           = {https://www.mdpi.com/2227-7390/11/16/3567}
}

@online{bib10,
    author        = {Islam, M. M. and Uddin, M. A. and Islam, L. and Akter, A. and Sharmin, S. and Acharjee, U. K.},
    title         = {Cyberbullying detection on social networks using machine learning approaches},
    year          = {2020},
    url           = {https://www.researchgate.net/publication/351131976_Cyberbullying_Detection_on_Social_Networks_Using_Machine_Learning_Approaches}
}

@online{bib11,
    author        = {Vora, Deepali and Mukherjee, Anindita and Repaka, Sreeman and Das, Soumyaroop},
    title         = {Multimodal Cyberbullying Detection on Social Media: Review and Challenges},
    year          = {2023},
    url           = {https://www.researchgate.net/publication/378319617_Multimodal_Cyberbullying_Detection_on_Social_Media_Review_and_Challenges}
}

@online{bib12,
    author        = {Kumar, Akshi and Nitin Sachdeva},
    title         = {A Bi-GRU with attention and CapsNet hybrid model for cyberbullying detection on social media},
    year          = {2022},
    url           = {https://link.springer.com/article/10.1007/s11280-021-00920-4}
}

@online{bib13,
    author        = {Al-Aijan, M. A. and Ykhlef, M.},
    title         = {Deep Learning Algorithm for Cyberbullying Detection},
    year          = {2018},
    url           = {https://thesai.org/Publications/ViewPaper?Volume=9&Issue=9&Code=IJACSA&SerialNo=27}
}

@online{bib14,
    author        = {Akhter, M.P. and Jiangbin, Z. and Naqvi, S.I.R. and Abdelmajeed, M.},
    title         = {Abusive language detection from social media comments using conventional machine learning and deep learning approaches},
    year          = {2021},
    url           = {https://www.researchgate.net/publication/350574964_Abusive_language_detection_from_social_media_comments_using_conventional_machine_learning_and_deep_learning_approaches}
}

@online{bib15,
    author        = {Qiu, Jiabao, Melody Moh, and Teng-Sheng Moh},
    title         = {Multi-modal detection of cyberbullying on Twitter},
    year          = {2022},
    url           = {https://dl.acm.org/doi/abs/10.1145/3476883.3520222}
}

@online{bib16,
    author        = {Ramírez-Correa, Patricio E. and Rondán-Cataluña, F. Javier and Arenas-Gaitán, Jorge and Grandón, Elizabeth E. and Alfaro-Pérez, Jorge L. and Ramírez-Santana, Muriel},
    title         = {Segmentation of Older Adults in the Acceptance of Social Networking Sites Using Machine Learning},
    year          = {2021},
    url           = {https://www.frontiersin.org/journals/psychology/articles/10.3389/fpsyg.2021.705715/full}
}

@online{bib17,
    author        = {Paul, S and Saha, S and Hasanuzzaman, M},
    title         = {Identification of cyberbullying: A deep learning based multimodal approach},
    year          = {2022},
    url           = {https://link.springer.com/article/10.1007/s11042-020-09631-w}
}

@online{bib18,
    author        = {Shakeel, N and Dwivedi, RK},
    title         = {Performance analysis of supervised machine learning algorithms for detection of cyberbullying in Twitter},
    year          = {2022},
    url           = {https://link.springer.com/chapter/10.1007/978-981-19-2894-9_29}
}

@online{bib19,
    author        = {Toktarova, Aigerim and Syrlybay, Dariga and Myrzakhmetova, Bayan and Anuarbekova, Gulzat and Rakhimbayeva, Gulbarshin},
    title         = {Hate Speech Detection in Social Networks using Machine Learning and Deep Learning Methods},
    year          = {2023},
    url           = {https://www.proquest.com/openview/c21905afc95bad7d233d2ce3b1ec214f/1?pq-origsite=gscholar&cbl=5444811}
}

@online{bib20,
    author        = {Bansal, Esha and Bansal, Nisha},
    title         = {Finding Harmful Comments on Social Networking Sites Using NLP and Machine Learning Methods},
    year          = {2023},
    url           = {https://restpublisher.com/wp-content/uploads/2023/06/10.46632-jdaai-2-2-15.pdf}
}

@online{bib21,
    author        = {Rabani, Syed Tanzeel and Khan, Qamar Rayees and Akib Khanday},
    title         = {Detection of Suicidal Ideation on Twitter using Machine Learning & Ensemble Approaches},
    year          = {2020},
    url           = {https://www.researchgate.net/publication/346647419_Detection_of_Suicidal_Ideation_on_Twitter_using_Machine_Learning_Ensemble_Approaches}
}